@inproceedings{sidd,
  title={A high-quality denoising dataset for smartphone cameras},
  author={Abdelhamed, Abdelrahman and Lin, Stephen and Brown, Michael S},
  booktitle={Proceedings of the IEEE conference on computer vision and pattern recognition},
  pages={1692--1700},
  year={2018}
}

@inproceedings{noiseflow,
  title={Noise flow: Noise modeling with conditional normalizing flows},
  author={Abdelhamed, Abdelrahman and Brubaker, Marcus A and Brown, Michael S},
  booktitle={Proceedings of the IEEE/CVF International Conference on Computer Vision},
  pages={3165--3173},
  year={2019}
}

@inproceedings{fkp,
  title={Flow-based kernel prior with application to blind super-resolution},
  author={Liang, Jingyun and Zhang, Kai and Gu, Shuhang and Van Gool, Luc and Timofte, Radu},
  booktitle={Proceedings of the IEEE/CVF conference on computer vision and pattern recognition},
  pages={10601--10610},
  year={2021}
}

@inproceedings{dip,
  title={Deep image prior},
  author={Ulyanov, Dmitry and Vedaldi, Andrea and Lempitsky, Victor},
  booktitle={Proceedings of the IEEE conference on computer vision and pattern recognition},
  pages={9446--9454},
  year={2018}
}

@inproceedings{nbnet,
  title={Nbnet: Noise basis learning for image denoising with subspace projection},
  author={Cheng, Shen and Wang, Yuzhi and Huang, Haibin and Liu, Donghao and Fan, Haoqiang and Liu, Shuaicheng},
  booktitle={Proceedings of the IEEE/CVF conference on computer vision and pattern recognition},
  pages={4896--4906},
  year={2021}
}

@article{ffdnet,
  title={FFDNet: Toward a fast and flexible solution for CNN-based image denoising},
  author={Zhang, Kai and Zuo, Wangmeng and Zhang, Lei},
  journal={IEEE Transactions on Image Processing},
  volume={27},
  number={9},
  pages={4608--4622},
  year={2018},
  publisher={IEEE}
}

@article{dncnn,
  title={Beyond a gaussian denoiser: Residual learning of deep cnn for image denoising},
  author={Zhang, Kai and Zuo, Wangmeng and Chen, Yunjin and Meng, Deyu and Zhang, Lei},
  journal={IEEE Transactions on Image Processing},
  volume={26},
  number={7},
  pages={3142--3155},
  year={2017},
  publisher={IEEE}
}

@inproceedings{multi,
  title={Multi-stage progressive image restoration},
  author={Zamir, Syed Waqas and Arora, Aditya and Khan, Salman and Hayat, Munawar and Khan, Fahad Shahbaz and Yang, Ming-Hsuan and Shao, Ling},
  booktitle={Proceedings of the IEEE/CVF conference on computer vision and pattern recognition},
  pages={14821--14831},
  year={2021}
}

@inproceedings{benchmarking,
  title={Benchmarking denoising algorithms with real photographs},
  author={Plotz, Tobias and Roth, Stefan},
  booktitle={Proceedings of the IEEE conference on computer vision and pattern recognition},
  pages={1586--1595},
  year={2017}
}

@article{ctdenoise,
	title={Deep residual learning for compressed sensing CT reconstruction via persistent homology analysis},
	author={Han, Yo Seob and Yoo, Jaejun and Ye, Jong Chul},
	journal={arXiv preprint arXiv:1611.06391},
	year={2016}
}

@article{eformer,
	title={Eformer: Edge enhancement based transformer for medical image denoising},
	author={Luthra, Achleshwar and Sulakhe, Harsh and Mittal, Tanish and Iyer, Abhishek and Yadav, Santosh},
	journal={arXiv preprint arXiv:2109.08044},
	year={2021}
}

@article{hybridhsidenoise,
	title={Hybrid noise removal in hyperspectral imagery with a spatial--spectral gradient network},
	author={Zhang, Qiang and Yuan, Qiangqiang and Li, Jie and Liu, Xinxin and Shen, Huanfeng and Zhang, Liangpei},
	journal={IEEE Transactions on Geoscience and Remote Sensing},
	volume={57},
	number={10},
	pages={7317--7329},
	year={2019},
	publisher={IEEE}
}

@article{cnnhsidenoise,
	title={A single model CNN for hyperspectral image denoising},
	author={Maffei, Alessandro and Haut, Juan M and Paoletti, Mercedes Eugenia and Plaza, Javier and Bruzzone, Lorenzo and Plaza, Antonio},
	journal={IEEE Transactions on Geoscience and Remote Sensing},
	volume={58},
	number={4},
	pages={2516--2529},
	year={2019},
	publisher={IEEE}
}

@article{鸡儿denoise,
	author = { 王海超 and  王春光 and  宗哲英 and  殷晓飞 and  张文霞 and  王晓蓉 and  张海军 and  李靖 and  刘涛 },
	title = {基于噪声类型及强度估计的狭叶锦鸡儿叶切片图像盲去噪},
	journal = {农业工程学报},
	volume = {33},
	pages = {229-238},
	year = {2017},
	issn = {1002-6819},
}

@article{杂交denoise,
	author = { 杨福增 and  田艳娜 and  杨亮亮 and  何金伊 },
	title = {基于杂交小波变换的农产品图像去噪算法},
	journal = {农业工程学报},
	volume = {27},
	pages = {172-178},
	year = {2011},
	issn = {1002-6819},
}

@article{eld,
	title={Physics-based noise modeling for extreme low-light photography},
	author={Wei, Kaixuan and Fu, Ying and Zheng, Yinqiang and Yang, Jiaolong},
	journal={IEEE Transactions on Pattern Analysis and Machine Intelligence},
	volume={44},
	number={11},
	pages={8520--8537},
	year={2021},
	publisher={IEEE}
}

@article{foi2007noise,
	title={Noise measurement for raw-data of digital imaging sensors by automatic segmentation of nonuniform targets},
	author={Foi, Alessandro and Alenius, Sakari and Katkovnik, Vladimir and Egiazarian, Karen},
	journal={IEEE Sensors Journal},
	volume={7},
	number={10},
	pages={1456--1461},
	year={2007},
	publisher={IEEE}
}

@article{foi2008noise,
	title={Practical Poissonian-Gaussian noise modeling and fitting for single-image raw-data},
	author={Foi, Alessandro and Trimeche, Mejdi and Katkovnik, Vladimir and Egiazarian, Karen},
	journal={IEEE transactions on image processing},
	volume={17},
	number={10},
	pages={1737--1754},
	year={2008},
	publisher={IEEE}
}

@inproceedings{ddp,
	title={Deep degradation prior for low-quality image classification},
	author={Wang, Yang and Cao, Yang and Zha, Zheng-Jun and Zhang, Jing and Xiong, Zhiwei},
	booktitle={Proceedings of the IEEE/CVF Conference on Computer Vision and Pattern Recognition},
	pages={11049--11058},
	year={2020}
}

@inproceedings{qualnet,
	title={Quality-agnostic image recognition via invertible decoder},
	author={Kim, Insoo and Han, Seungju and Baek, Ji-won and Park, Seong-Jin and Han, Jae-Joon and Shin, Jinwoo},
	booktitle={Proceedings of the IEEE/CVF Conference on Computer Vision and Pattern Recognition},
	pages={12257--12266},
	year={2021}
}

@inproceedings{sfdunet,
	title={Self-feature distillation with uncertainty modeling for degraded image recognition},
	author={Yang, Zhou and Dong, Weisheng and Li, Xin and Wu, Jinjian and Li, Leida and Shi, Guangming},
	booktitle={European Conference on Computer Vision},
	pages={552--569},
	year={2022},
	organization={Springer}
}

@ARTICLE{去噪已死,
	title={Is denoising dead?},
	author={Chatterjee, Priyam and Milanfar, Peyman},
	journal={IEEE Transactions on Image Processing},
	volume={19},
	number={4},
	pages={895--911},
	year={2009},
	publisher={IEEE}
}

@inproceedings{nlm,
	title={A non-local algorithm for image denoising},
	author={Buades, Antoni and Coll, Bartomeu and Morel, J-M},
	booktitle={2005 IEEE computer society conference on computer vision and pattern recognition (CVPR'05)},
	volume={2},
	pages={60--65},
	year={2005},
	organization={Ieee}
}

@inproceedings{awgn,
	title={When awgn-based denoiser meets real noises},
	author={Zhou, Yuqian and Jiao, Jianbo and Huang, Haibin and Wang, Yang and Wang, Jue and Shi, Honghui and Huang, Thomas},
	booktitle={Proceedings of the AAAI Conference on Artificial Intelligence},
	volume={34},
	number={07},
	pages={13074--13081},
	year={2020}
}

@inproceedings{rethinking,
	title={Rethinking noise synthesis and modeling in raw denoising},
	author={Zhang, Yi and Qin, Hongwei and Wang, Xiaogang and Li, Hongsheng},
	booktitle={Proceedings of the IEEE/CVF International Conference on Computer Vision},
	pages={4593--4601},
	year={2021}
}

@inproceedings{noisemodeling2denoising,
	title={From noise modeling to blind image denoising},
	author={Zhu, Fengyuan and Chen, Guangyong and Heng, Pheng-Ann},
	booktitle={Proceedings of the IEEE conference on computer vision and pattern recognition},
	pages={420--429},
	year={2016}
}

@inproceedings{learningcamera,
	title={Learning camera-aware noise models},
	author={Chang, Ke-Chi and Wang, Ren and Lin, Hung-Jin and Liu, Yu-Lun and Chen, Chia-Ping and Chang, Yu-Lin and Chen, Hwann-Tzong},
	booktitle={European Conference on Computer Vision},
	pages={343--358},
	year={2020},
	organization={Springer}
}

@inproceedings{gcbd,
	title={Image blind denoising with generative adversarial network based noise modeling},
	author={Chen, Jingwen and Chen, Jiawei and Chao, Hongyang and Yang, Ming},
	booktitle={Proceedings of the IEEE conference on computer vision and pattern recognition},
	pages={3155--3164},
	year={2018}
}

@inproceedings{c2n,
	title={C2n: Practical generative noise modeling for real-world denoising},
	author={Jang, Geonwoon and Lee, Wooseok and Son, Sanghyun and Lee, Kyoung Mu},
	booktitle={Proceedings of the IEEE/CVF International Conference on Computer Vision},
	pages={2350--2359},
	year={2021}
}

@inproceedings{dan,
	title={Dual adversarial network: Toward real-world noise removal and noise generation},
	author={Yue, Zongsheng and Zhao, Qian and Zhang, Lei and Meng, Deyu},
	booktitle={Computer Vision--ECCV 2020: 16th European Conference, Glasgow, UK, August 23--28, 2020, Proceedings, Part X 16},
	pages={41--58},
	year={2020},
	organization={Springer}
}

@inproceedings{srgbflow,
	title={Modeling srgb camera noise with normalizing flows},
	author={Kousha, Shayan and Maleky, Ali and Brown, Michael S and Brubaker, Marcus A},
	booktitle={Proceedings of the IEEE/CVF Conference on Computer Vision and Pattern Recognition},
	pages={17463--17471},
	year={2022}
}

@inproceedings{co,
	title={Estimating fine-grained noise model via contrastive learning},
	author={Zou, Yunhao and Fu, Ying},
	booktitle={Proceedings of the IEEE/CVF Conference on Computer Vision and Pattern Recognition},
	pages={12682--12691},
	year={2022}
}

@article{foi2009noise,
	title={Clipped noisy images: Heteroskedastic modeling and practical denoising},
	author={Foi, Alessandro},
	journal={Signal Processing},
	volume={89},
	number={12},
	pages={2609--2629},
	year={2009},
	publisher={Elsevier}
}

@inproceedings{grdn,
	title={Grdn: Grouped residual dense network for real image denoising and gan-based real-world noise modeling},
	author={Kim, Dong-Wook and Ryun Chung, Jae and Jung, Seung-Won},
	booktitle={Proceedings of the IEEE/CVF Conference on Computer Vision and Pattern Recognition Workshops},
	pages={0--0},
	year={2019}
}

@inproceedings{bilateral,
	title={Bilateral filtering for gray and color images},
	author={Tomasi, Carlo and Manduchi, Roberto},
	booktitle={Sixth international conference on computer vision (IEEE Cat. No. 98CH36271)},
	pages={839--846},
	year={1998},
	organization={IEEE}
}

@article{bm3d,
	title={Image denoising by sparse 3-D transform-domain collaborative filtering},
	author={Dabov, Kostadin and Foi, Alessandro and Katkovnik, Vladimir and Egiazarian, Karen},
	journal={IEEE Transactions on image processing},
	volume={16},
	number={8},
	pages={2080--2095},
	year={2007},
	publisher={IEEE}
}

@inproceedings{wnnm,
	title={Weighted nuclear norm minimization with application to image denoising},
	author={Gu, Shuhang and Zhang, Lei and Zuo, Wangmeng and Feng, Xiangchu},
	booktitle={Proceedings of the IEEE conference on computer vision and pattern recognition},
	pages={2862--2869},
	year={2014}
}

@article{totalvariation,
	title={Nonlinear total variation based noise removal algorithms},
	author={Rudin, Leonid I and Osher, Stanley and Fatemi, Emad},
	journal={Physica D: nonlinear phenomena},
	volume={60},
	number={1-4},
	pages={259--268},
	year={1992},
	publisher={Elsevier}
}

@article{ksvd,
	title={K-SVD: An algorithm for designing overcomplete dictionaries for sparse representation},
	author={Aharon, Michal and Elad, Michael and Bruckstein, Alfred},
	journal={IEEE Transactions on signal processing},
	volume={54},
	number={11},
	pages={4311--4322},
	year={2006},
	publisher={IEEE}
}

@inproceedings{waveletdenoising,
	title={A New Image Denoising Method Based on Wavelet Multi-scale Registration Fusion},
	author={Gao, Liang and Ma, Yue and Chen, Shuai and Wu, Jing Hui},
	booktitle={2018 IEEE 3rd International Conference on Signal and Image Processing (ICSIP)},
	pages={55--60},
	year={2018},
	organization={IEEE}
}

@inproceedings{focnet,
	title={Focnet: A fractional optimal control network for image denoising},
	author={Jia, Xixi and Liu, Sanyang and Feng, Xiangchu and Zhang, Lei},
	booktitle={Proceedings of the IEEE/CVF conference on computer vision and pattern recognition},
	pages={6054--6063},
	year={2019}
}

@inproceedings{restormer,
	title={Restormer: Efficient transformer for high-resolution image restoration},
	author={Zamir, Syed Waqas and Arora, Aditya and Khan, Salman and Hayat, Munawar and Khan, Fahad Shahbaz and Yang, Ming-Hsuan},
	booktitle={Proceedings of the IEEE/CVF conference on computer vision and pattern recognition},
	pages={5728--5739},
	year={2022}
}

@inproceedings{swinir,
	title={Swinir: Image restoration using swin transformer},
	author={Liang, Jingyun and Cao, Jiezhang and Sun, Guolei and Zhang, Kai and Van Gool, Luc and Timofte, Radu},
	booktitle={Proceedings of the IEEE/CVF international conference on computer vision},
	pages={1833--1844},
	year={2021}
}

@inproceedings{cbdnet,
	title={Toward convolutional blind denoising of real photographs},
	author={Guo, Shi and Yan, Zifei and Zhang, Kai and Zuo, Wangmeng and Zhang, Lei},
	booktitle={Proceedings of the IEEE/CVF conference on computer vision and pattern recognition},
	pages={1712--1722},
	year={2019}
}

@article{pathrestore,
	title={Path-restore: Learning network path selection for image restoration},
	author={Yu, Ke and Wang, Xintao and Dong, Chao and Tang, Xiaoou and Loy, Chen Change},
	journal={IEEE Transactions on Pattern Analysis and Machine Intelligence},
	volume={44},
	number={10},
	pages={7078--7092},
	year={2021},
	publisher={IEEE}
}

@article{noise2noise,
	title={Noise2Noise: Learning image restoration without clean data},
	author={Lehtinen, Jaakko and Munkberg, Jacob and Hasselgren, Jon and Laine, Samuli and Karras, Tero and Aittala, Miika and Aila, Timo},
	journal={arXiv preprint arXiv:1803.04189},
	year={2018}
}

@inproceedings{noise2void,
	title={Noise2void-learning denoising from single noisy images},
	author={Krull, Alexander and Buchholz, Tim-Oliver and Jug, Florian},
	booktitle={Proceedings of the IEEE/CVF conference on computer vision and pattern recognition},
	pages={2129--2137},
	year={2019}
}

@incollection{photon,
	title={Photon, poisson noise},
	author={Hasinoff, Samuel W},
	booktitle={Computer vision: a reference guide},
	pages={980--982},
	year={2021},
	publisher={Springer}
}

@InProceedings{ftd,
	author    = {Zhang, Feng and Xu, Bin and Li, Zhiqiang and Liu, Xinran and Lu, Qingbo and Gao, Changxin and Sang, Nong},
	title     = {Towards General Low-Light Raw Noise Synthesis and Modeling},
	booktitle = {Proceedings of the IEEE/CVF International Conference on Computer Vision (ICCV)},
	month     = {October},
	year      = {2023},
	pages     = {10820-10830}
}

@article{nice,
	title={Nice: Non-linear independent components estimation},
	author={Dinh, Laurent and Krueger, David and Bengio, Yoshua},
	journal={arXiv preprint arXiv:1410.8516},
	year={2014}
}

@article{realnvp,
	title={Density estimation using real nvp},
	author={Dinh, Laurent and Sohl-Dickstein, Jascha and Bengio, Samy},
	journal={arXiv preprint arXiv:1605.08803},
	year={2016}
}

@inproceedings{naf,
	title={Neural autoregressive flows},
	author={Huang, Chin-Wei and Krueger, David and Lacoste, Alexandre and Courville, Aaron},
	booktitle={International Conference on Machine Learning},
	pages={2078--2087},
	year={2018},
	organization={PMLR}
}

@article{glow,
	title={Glow: Generative flow with invertible 1x1 convolutions},
	author={Kingma, Durk P and Dhariwal, Prafulla},
	journal={Advances in neural information processing systems},
	volume={31},
	year={2018}
}


@inproceedings{sos,
	title={Sum-of-squares polynomial flow},
	author={Jaini, Priyank and Selby, Kira A and Yu, Yaoliang},
	booktitle={International Conference on Machine Learning},
	pages={3009--3018},
	year={2019},
	organization={PMLR}
}

@article{vgg,
	title={Very deep convolutional networks for large-scale image recognition},
	author={Simonyan, Karen and Zisserman, Andrew},
	journal={arXiv preprint arXiv:1409.1556},
	year={2014}
}

@inproceedings{resnet,
	title={Deep residual learning for image recognition},
	author={He, Kaiming and Zhang, Xiangyu and Ren, Shaoqing and Sun, Jian},
	booktitle={Proceedings of the IEEE conference on computer vision and pattern recognition},
	pages={770--778},
	year={2016}
}

@article{alexnet,
	title={ImageNet classification with deep convolutional neural networks},
	author={Krizhevsky, Alex and Sutskever, Ilya and Hinton, Geoffrey E},
	journal={Communications of the ACM},
	volume={60},
	number={6},
	pages={84--90},
	year={2017},
	publisher={AcM New York, NY, USA}
}

@inproceedings{doubledip,
	title={"Double-DIP": unsupervised image decomposition via coupled deep-image-priors},
	author={Gandelsman, Yosef and Shocher, Assaf and Irani, Michal},
	booktitle={Proceedings of the IEEE/CVF conference on computer vision and pattern recognition},
	pages={11026--11035},
	year={2019}
}

@article{kernelgan,
	title={Blind super-resolution kernel estimation using an internal-gan},
	author={Bell-Kligler, Sefi and Shocher, Assaf and Irani, Michal},
	journal={Advances in Neural Information Processing Systems},
	volume={32},
	year={2019}
}

@inproceedings{ikc,
	title={Blind super-resolution with iterative kernel correction},
	author={Gu, Jinjin and Lu, Hannan and Zuo, Wangmeng and Dong, Chao},
	booktitle={Proceedings of the IEEE/CVF conference on computer vision and pattern recognition},
	pages={1604--1613},
	year={2019}
}

@article{dgp,
	title={Exploiting deep generative prior for versatile image restoration and manipulation},
	author={Pan, Xingang and Zhan, Xiaohang and Dai, Bo and Lin, Dahua and Loy, Chen Change and Luo, Ping},
	journal={IEEE Transactions on Pattern Analysis and Machine Intelligence},
	volume={44},
	number={11},
	pages={7474--7489},
	year={2021},
	publisher={IEEE}
}

@article{ccdcmos,
	title={High-level numerical simulations of noise in CCD and CMOS photosensors: review and tutorial},
	author={Konnik, Mikhail and Welsh, James},
	journal={arXiv preprint arXiv:1412.4031},
	year={2014}
}

@article{cmoscalibration,
	title={A comprehensive tool for modeling CMOS image-sensor-noise performance},
	author={Gow, Ryan D and Renshaw, David and Findlater, Keith and Grant, Lindsay and McLeod, Stuart J and Hart, John and Nicol, Robert L},
	journal={IEEE Transactions on Electron Devices},
	volume={54},
	number={6},
	pages={1321--1329},
	year={2007},
	publisher={IEEE}
}

@article{ccdcalibration,
	title={A technique for evaluation of CCD video-camera noise},
	author={Irie, Kenji and McKinnon, Alan E and Unsworth, Keith and Woodhead, Ian M},
	journal={IEEE Transactions on Circuits and Systems for Video Technology},
	volume={18},
	number={2},
	pages={280--284},
	year={2008},
	publisher={IEEE}
}

@article{nonuniform,
	title={High performance CMOS light detector with dark current suppression in variable-temperature systems},
	author={Lin, Wen-Sheng and Sung, Guo-Ming and Lin, Jyun-Long},
	journal={Sensors},
	volume={17},
	number={1},
	pages={15},
	year={2016},
	publisher={MDPI}
}

@inproceedings{patchgan,
	title={Image-to-image translation with conditional adversarial networks},
	author={Isola, Phillip and Zhu, Jun-Yan and Zhou, Tinghui and Efros, Alexei A},
	booktitle={Proceedings of the IEEE conference on computer vision and pattern recognition},
	pages={1125--1134},
	year={2017}
}